@incollection{Abe/91a,
  address = {Berlin [u.a.]},
  author = {Naoki Abe},
  title = {On the Sample complexity of Various Learning Strategies in the Probabilistic {PAC} Learning Paradigms},
  booktitle = {Nonmonotonic and Inductive Logic. Second Intern. Workshop, Reinhardsbrunn Castle.},
  editor = {G. Brewka and K. P. Jantke and P. H. Schmitt},
  month = {December},
  number = {659},
  pages = {89--106},
  publisher = {Springer},
  series = {Lecture Notes in Artificial Intelligence},
  year = {1991}
}


@book{ART/85a,
  address = {Los Angeles, CA},
  author = {Clayton, B.D.},
  title = {{ART} Programming Primer, {ART} Version 1.1},
  publisher = {Inference Corporation},
  year = {1984}
}


